<record><leader>00000cas a22000007a 4500</leader><controlfield tag="001">15127834</controlfield><controlfield tag="008">870129d19371937txuwr ne      0    0eng d</controlfield><datafield ind1=" " ind2=" " tag="010"><subfield code="a">sn 86090628 </subfield></datafield><datafield ind1=" " ind2=" " tag="040"><subfield code="a">PPM</subfield><subfield code="b">eng</subfield><subfield code="c">PPM</subfield><subfield code="d">OCLCQ</subfield></datafield><datafield ind1=" " ind2=" " tag="042"><subfield code="a">msc</subfield></datafield><datafield ind1="0" ind2="4" tag="245"><subfield code="a">The Winkler sun.</subfield></datafield><datafield ind1=" " ind2=" " tag="260"><subfield code="a">Kermit, Tex. :</subfield><subfield code="b">Sun Pub. Co.,</subfield><subfield code="c">1937-1937.</subfield></datafield><datafield ind1=" " ind2=" " tag="310"><subfield code="a">Weekly</subfield></datafield><datafield ind1="0" ind2=" " tag="362"><subfield code="a">Vol. 1, no. 1 (Mar. 4, 1937)-v.1, no. 10 (May 6, 1937).</subfield></datafield><datafield ind1=" " ind2=" " tag="752"><subfield code="a">United States</subfield><subfield code="b">Texas</subfield><subfield code="c">Winkler</subfield><subfield code="d">Kermit.</subfield></datafield><datafield ind1="0" ind2="0" tag="785"><subfield code="t">Kermit sun</subfield></datafield></record>